<?xml version="1.0" encoding="UTF-8"?><record xmlns="http://www.loc.gov/MARC21/slim" xmlns:cinclude="http://apache.org/cocoon/include/1.0" xmlns:zs="http://www.loc.gov/zing/srw/">
  <leader>00739nz  a2200205n  4500</leader>
  <controlfield tag="001">no2002060108</controlfield>
  <controlfield tag="003">DLC</controlfield>
  <controlfield tag="005">20020709052723.0</controlfield>
  <controlfield tag="008">020708n| acaaaaaan          |a ana     c</controlfield>
  <datafield tag="010" ind1=" " ind2=" ">
    <subfield code="a">no2002060108</subfield>
  </datafield>
  <datafield tag="035" ind1=" " ind2=" ">
    <subfield code="a">(OCoLC)oca05805815</subfield>
  </datafield>
  <datafield tag="040" ind1=" " ind2=" ">
    <subfield code="a">DSI</subfield>
    <subfield code="b">eng</subfield>
    <subfield code="c">DSI</subfield>
  </datafield>
  <datafield tag="130" ind1=" " ind2="0">
    <subfield code="a">Documents malacologiques.</subfield>
    <subfield code="p">Hors se패rie</subfield>
  </datafield>
  <datafield tag="410" ind1="2" ind2=" ">
    <subfield code="a">Etudes et conservation des mollusques continentaux (Organization).</subfield>
    <subfield code="t">Documents malacologiques.</subfield>
    <subfield code="p">Hors se패rie</subfield>
  </datafield>
  <datafield tag="642" ind1=" " ind2=" ">
    <subfield code="a">no 1</subfield>
    <subfield code="5">DPCC</subfield>
    <subfield code="5">DSI</subfield>
  </datafield>
  <datafield tag="643" ind1=" " ind2=" ">
    <subfield code="a">Boussenac, France</subfield>
    <subfield code="b">Etude et conservation des mollusques continentaux</subfield>
  </datafield>
  <datafield tag="644" ind1=" " ind2=" ">
    <subfield code="a">f</subfield>
    <subfield code="5">DSI</subfield>
  </datafield>
  <datafield tag="645" ind1=" " ind2=" ">
    <subfield code="a">t</subfield>
    <subfield code="5">DPCC</subfield>
    <subfield code="5">DSI</subfield>
  </datafield>
  <datafield tag="646" ind1=" " ind2=" ">
    <subfield code="a">s</subfield>
    <subfield code="5">DSI</subfield>
  </datafield>
  <datafield tag="670" ind1=" " ind2=" ">
    <subfield code="a">Re패vision du genre Bythinella (Moquin-Tandon, 1855), 2000:</subfield>
    <subfield code="b">cover (Documents malacologiques. Hors se패rie)</subfield>
  </datafield>
</record>